[gd_scene load_steps=7 format=2]

[ext_resource path="res://fnt/Raleway-Bold.ttf" type="DynamicFontData" id=1]
[ext_resource path="res://src/debug/fps_label.gd" type="Script" id=2]
[ext_resource path="res://src/debug/debug_ui.gd" type="Script" id=3]
[ext_resource path="res://fnt/Raleway-Medium.ttf" type="DynamicFontData" id=4]

[sub_resource type="DynamicFont" id=1]
outline_size = 2
outline_color = Color( 0, 0, 0, 1 )
use_mipmaps = true
use_filter = true
font_data = ExtResource( 1 )

[sub_resource type="DynamicFont" id=2]
size = 20
use_mipmaps = true
use_filter = true
font_data = ExtResource( 4 )

[node name="DebugLayer" type="CanvasLayer"]
layer = 128

[node name="FPSLabel" type="Label" parent="."]
margin_left = 28.0
margin_top = 21.4197
margin_right = 276.0
margin_bottom = 55.4197
custom_fonts/font = SubResource( 1 )
text = "FPS: "
uppercase = true
script = ExtResource( 2 )

[node name="DEBUG" type="Control" parent="."]
anchor_right = 1.0
anchor_bottom = 1.0
mouse_filter = 2
script = ExtResource( 3 )

[node name="DebugLabel" type="Label" parent="DEBUG"]
margin_left = 28.0
margin_top = 44.671
margin_right = 276.0
margin_bottom = 78.6711
custom_fonts/font = SubResource( 1 )
text = "DEBUG MODE ACTIVE"
uppercase = true

[node name="IdLabel" type="Label" parent="DEBUG"]
anchor_top = 1.0
anchor_bottom = 1.0
margin_left = 28.0
margin_top = -95.2426
margin_right = 235.0
margin_bottom = -61.2426
custom_fonts/font = SubResource( 2 )
text = "set dialogue id"
uppercase = true

[node name="IdLineEdit" type="LineEdit" parent="DEBUG"]
anchor_top = 1.0
anchor_bottom = 1.0
margin_left = 28.0
margin_top = -61.082
margin_right = 156.0
margin_bottom = -27.082
custom_fonts/font = SubResource( 2 )
text = "gukukg"

[node name="TreeSceneLabel" type="Label" parent="DEBUG"]
anchor_left = 1.0
anchor_top = 1.0
anchor_right = 1.0
anchor_bottom = 1.0
margin_left = -231.377
margin_top = -95.2424
margin_right = -24.3768
margin_bottom = -61.2424
custom_fonts/font = SubResource( 2 )
text = "SET TREE SCENE"
align = 2
uppercase = true

[node name="TreeSceneLineEdit" type="LineEdit" parent="DEBUG"]
anchor_left = 1.0
anchor_top = 1.0
anchor_right = 1.0
anchor_bottom = 1.0
margin_left = -151.96
margin_top = -61.0823
margin_right = -23.9606
margin_bottom = -27.0823
custom_fonts/font = SubResource( 2 )

