[gd_scene load_steps=7 format=2]

[ext_resource path="res://src/enemy/enemy.gd" type="Script" id=1]
[ext_resource path="res://spr/enemy/officer.png" type="Texture" id=2]
[ext_resource path="res://src/enemy/enemy_gun.gd" type="Script" id=3]
[ext_resource path="res://snd/sfx/gunshot.ogg" type="AudioStream" id=4]

[sub_resource type="CircleShape2D" id=1]
radius = 15.0

[sub_resource type="ConvexPolygonShape2D" id=2]
points = PoolVector2Array( -10, -10, 10, -10, 0, 0, 0, 0 )

[node name="Boss" type="KinematicBody2D"]
script = ExtResource( 1 )
health = 16.0
acceleration_spd = 0.1
max_velocity = 1.85
release_damping = 0.02
rot_lerp_spd = 0.09
always_aggro = true

[node name="VisibilityNotifier2D" type="VisibilityNotifier2D" parent="."]
rect = Rect2( -50, -50, 100, 100 )

[node name="CollisionShape2D" type="CollisionShape2D" parent="."]
shape = SubResource( 1 )

[node name="Sprite" type="Sprite" parent="."]
rotation = 1.5708
scale = Vector2( 2, 2 )
texture = ExtResource( 2 )

[node name="VisionConeHolder" type="Node2D" parent="."]
rotation = 1.5708

[node name="VisionConeArea" type="Area2D" parent="VisionConeHolder"]

[node name="VisionConeShape" type="CollisionShape2D" parent="VisionConeHolder/VisionConeArea"]
scale = Vector2( 9.17, 21.45 )
shape = SubResource( 2 )

[node name="Gun" type="Node2D" parent="."]
position = Vector2( 14.9301, 17.2569 )
script = ExtResource( 3 )
bullet_spd = 590.0
shake_screen_power = 2.0
shoot_cooldown_timer_time = 0.1

[node name="gunshot" type="AudioStreamPlayer2D" parent="Gun"]
stream = ExtResource( 4 )
volume_db = -3.355
pitch_scale = 0.7
bus = "SFX"

[node name="Gun2" type="Node2D" parent="."]
position = Vector2( 14.9301, -16.5145 )
script = ExtResource( 3 )
bullet_spd = 590.0
shake_screen_power = 2.0
shoot_cooldown_timer_time = 0.1

[node name="gunshot" type="AudioStreamPlayer2D" parent="Gun2"]
stream = ExtResource( 4 )
volume_db = -3.355
pitch_scale = 0.7
bus = "SFX"

[node name="ColorRect" type="ColorRect" parent="."]
margin_left = 7.82518
margin_top = 15.6573
margin_right = 15.8252
margin_bottom = 18.6573
color = Color( 0, 0, 0, 1 )

[node name="ColorRect2" type="ColorRect" parent="."]
margin_left = 7.82518
margin_top = -18.1141
margin_right = 15.8252
margin_bottom = -15.1141
color = Color( 0, 0, 0, 1 )

